@misc{SeedLabs,
  title = {Spectre Attack Lab},
  howpublished = {\url{http://www.cis.syr.edu/~wedu/seed/Labs_16.04/System/Spectre_Attack/Spectre_Attack.pdf}},
  author={Wenliang Du, Syracuse University},
  note = {}
}
@inproceedings{Kocher2018spectre,
	author = {Paul Kocher and Jann Horn and Anders Fogh and and Daniel Genkin and Daniel Gruss and Werner Haas and Mike Hamburg and Moritz Lipp and Stefan Mangard and Thomas Prescher and Michael Schwarz and Yuval Yarom},
	title = {Spectre Attacks: Exploiting Speculative Execution},
	booktitle = {40th IEEE Symposium on Security and Privacy (S\&P'19)},
	year = {2019},
}

@misc{NameOrigin,
	title = {Just how did 'Meltdown' and 'Spectre' get those freaky names, anyway?},
	howpublished = {\url{https://mashable.com/2018/01/05/meltdown-spectre-names-cpu-bug/#d_X6BY6pXSqE}},
	author={JACK MORSE},
	note = {}
}

@misc{ProjectZero,
	author={Jann Horn},
	howpublished = {\url{https://googleprojectzero.blogspot.com/2018/01/reading-privileged-memory-with-side.html}},
	note={}
}
@misc{GITHUB_LINK,
  title = {Spectre JS PoC for Chrome},
  howpublished = {\url{https://github.com/ascendr/spectre-chrome}},
  author={ascendr},
  note = {}
}

@misc{NETSPECTRE,
  title = {NetSpectre: Read Arbitrary Memory over Network},
  howpublished = {\url{https://mlq.me/download/netspectre.pdf?fbclid=IwAR3EOBJUvy5ZRB3c44Sl6nokSZN2y1I0k1yAafGUOtauIIbZCztNvd_AqzI}},
  author={Michael Schwarz and Martin Schwarzl and Moritz Lipp and Daniel Gruss},
  note = {}
}

@misc{Intel_mitigation,
  title = {Intel Analysis of Speculative execution side-channels},
  howpublished = {\url{https://www.intel.com/content/www/us/en/architecture-and-technology/intel-analysis-of-speculative-execution-side-channels-paper.html?fbclid=IwAR2hQM816sEbKE8M0qME73qq2RVPTlgvY00ebPkWZQNhdmiCgz4vNIyARpI}},
  author={},
  note = {}
}
